@inproceedings{rvt-ppc,
  author = {{van~Tonder}, Rijnard and {Le~Goues}, Claire},
  booktitle = {{Programming Language Design and Implementation}},
  series = {PLDI '19},
  title = {{Lightweight Multi-Language Syntax Transformation with Parser Parser Combinators}},
  pages     = {363--378},
  year = {2019},
}

@misc{comby-github,
title={{Comby}},
howpublished={\url{https://github.com/comby-tools/comby}},
note = {{Online; accessed 22 October 2019}},
year = 2019
}


@inproceedings{Ray2014,
 author = {Ray, Baishakhi and Posnett, Daryl and Filkov, Vladimir and Devanbu, Premkumar},
 title = {A Large Scale Study of Programming Languages and Code Quality in Github},
 booktitle = {Proceedings of the 22nd ACM SIGSOFT International Symposium on Foundations of Software Engineering},
 series = {FSE 2014},
 year = {2014},
 isbn = {978-1-4503-3056-5},
 location = {Hong Kong, China},
 pages = {155--165},
 numpages = {11},
 url = {http://doi.acm.org/10.1145/2635868.2635922},
 doi = {10.1145/2635868.2635922},
 acmid = {2635922},
 publisher = {ACM},
 address = {New York, NY, USA},
 keywords = {bug fix, code quality, empirical research, programming language, regression analysis, software domain, type system},
} 
